
@Misc{PyQt5,
  howpublished = {\url{https://www.riverbankcomputing.com/static/Docs/PyQt5/index.html}},
}

@Misc{poleGaussa,
  howpublished = {\url{https://www.docsity.com/pl/obliczanie-pola-powierzchni-m-in-metoda-analityczna-ze-wspolrzednych-i-metoda-graficzna-przyklady/5916225/}},
}


@Misc{biblioteki,
  howpublished = {\url{https://www.tutorialspoint.com/pyqt/pyqt_basic_widgets.htm}},
}
